<?xml version="1.0" encoding="UTF-8"?><collection xmlns="http://www.loc.gov/MARC21/slim"><record><leader>00512nam--2200133-i-4500</leader><controlfield tag="001">000012657</controlfield><controlfield tag="002">20161230</controlfield><controlfield tag="005">20170302002907</controlfield><controlfield tag="008">060222s1000------------r-----000-0-eng-d</controlfield><datafield ind1=" " ind2=" " tag="245"><subfield code="a">Detection and location of failed fuel elements report of a panel on failed fuel element detection organized by the International Atomic Energy Agency and held in Vienna, 13-17 nov., 1967</subfield></datafield><datafield ind1=" " ind2=" " tag="260"><subfield code="a">Vienna</subfield><subfield code="b">International Atomic Energy Agency</subfield><subfield code="c">1968</subfield></datafield><datafield ind1=" " ind2=" " tag="300"><subfield code="a">241 p</subfield></datafield><datafield ind1=" " ind2=" " tag="852"><subfield code="a">621.039.548(061.3)</subfield></datafield><datafield ind1=" " ind2=" " tag="CAT"><subfield code="a">SYS</subfield><subfield code="c">20170302</subfield><subfield code="h">002907</subfield></datafield></record></collection>